@inproceedings{lee2011world,
  title={World of Warcraft avatar history dataset},
  author={Lee, Yeng-Ting and Chen, Kuan-Ta and Cheng, Yun-Maw and Lei, Chin-Laung},
  booktitle={Proceedings of the second annual ACM conference on Multimedia systems},
  pages={123--128},
  year={2011},
  organization={ACM}
}

@inproceedings{guo2012game,
  title={The game trace archive},
  author={Guo, Yong and Iosup, Alexandru},
  booktitle={Proceedings of the 11th Annual Workshop on Network and Systems Support for Games},
  pages={4},
  year={2012},
  organization={IEEE Press}
}

@inproceedings{cronin2002efficient,
  title={An efficient synchronization mechanism for mirrored game architectures},
  author={Cronin, Eric and Filstrup, Burton and Kurc, Anthony R and Jamin, Sugih},
  booktitle={Proceedings of the 1st workshop on Network and system support for games},
  pages={67--73},
  year={2002},
  organization={ACM}
}